<?xml version="1.0" encoding="UTF-8"?><record xmlns="http://www.loc.gov/MARC21/slim" xmlns:cinclude="http://apache.org/cocoon/include/1.0" xmlns:zs="http://www.loc.gov/zing/srw/">
  <leader>00782nz  a2200169n  4500</leader>
  <controlfield tag="001">n 2015184706</controlfield>
  <controlfield tag="003">DLC</controlfield>
  <controlfield tag="005">20150603044103.0</controlfield>
  <controlfield tag="008">150603n| azannaabn          |n aaa      </controlfield>
  <datafield tag="010" ind1=" " ind2=" ">
    <subfield code="a">n 2015184706</subfield>
  </datafield>
  <datafield tag="035" ind1=" " ind2=" ">
    <subfield code="a">(DNLM)1654333</subfield>
  </datafield>
  <datafield tag="040" ind1=" " ind2=" ">
    <subfield code="a">DNLM</subfield>
    <subfield code="b">eng</subfield>
    <subfield code="c">DNLM</subfield>
    <subfield code="e">rda</subfield>
  </datafield>
  <datafield tag="046" ind1=" " ind2=" ">
    <subfield code="f">18930914</subfield>
    <subfield code="g">1986</subfield>
  </datafield>
  <datafield tag="100" ind1="1" ind2=" ">
    <subfield code="a">Bere, May,</subfield>
    <subfield code="d">1893-1986</subfield>
  </datafield>
  <datafield tag="370" ind1=" " ind2=" ">
    <subfield code="a">Winnipeg (Man.)</subfield>
    <subfield code="2">naf</subfield>
  </datafield>
  <datafield tag="670" ind1=" " ind2=" ">
    <subfield code="a">A comparative study of the mental capacity of children of foreign parentage, 1924:</subfield>
    <subfield code="b">t.p. (May Bere) colophon (b. September 14, 1893 in Winnipeg, Manitoba, Canada; associate professor of psychology at Colorado State Teachers College in 1923; psychologist to the Winnipeg public schools during 1920 and 1921)</subfield>
  </datafield>
  <datafield tag="670" ind1=" " ind2=" ">
    <subfield code="a">Ancestry.com, Jun 2, 2015</subfield>
    <subfield code="b">(May Bere, born in Winipeg, Canada on 1894; passed away on 1986)</subfield>
  </datafield>
</record>